<record><leader>00000cas a2200000 a 4500</leader><controlfield tag="001">8795918</controlfield><controlfield tag="008">820922d1850185ucausr ne      0   a0eng  </controlfield><datafield ind1=" " ind2=" " tag="010"><subfield code="a">sn 82014885 </subfield></datafield><datafield ind1=" " ind2=" " tag="040"><subfield code="a">DLC</subfield><subfield code="b">eng</subfield><subfield code="c">DLC</subfield><subfield code="d">NPX</subfield><subfield code="d">DLC</subfield><subfield code="d">CNK</subfield><subfield code="d">NYS</subfield><subfield code="d">DLC</subfield><subfield code="d">OCLCQ</subfield><subfield code="d">DLC</subfield><subfield code="d">OCLCO</subfield><subfield code="d">OCLCQ</subfield><subfield code="d">OCLCF</subfield><subfield code="d">AQM</subfield></datafield><datafield ind1="1" ind2=" " tag="029"><subfield code="a">AU@</subfield><subfield code="b">000020346616</subfield></datafield><datafield ind1=" " ind2=" " tag="042"><subfield code="a">pcc</subfield></datafield><datafield ind1=" " ind2=" " tag="043"><subfield code="a">n-us-ca</subfield></datafield><datafield ind1="0" ind2="0" tag="050"><subfield code="a">Newspaper 7147</subfield></datafield><datafield ind1="0" ind2=" " tag="130"><subfield code="a">Sacramento transcript (Sacramento, Calif. : Steamer ed.)</subfield></datafield><datafield ind1="1" ind2="0" tag="245"><subfield code="a">Sacramento transcript.</subfield></datafield><datafield ind1="1" ind2="7" tag="246"><subfield code="a">Steamer Sacramento transcript</subfield></datafield><datafield ind1=" " ind2=" " tag="250"><subfield code="a">[Steamer ed.].</subfield></datafield><datafield ind1=" " ind2=" " tag="260"><subfield code="a">Sacramento City, Calif. :</subfield><subfield code="b">Fitch, Upham &amp; Co.,</subfield><subfield code="c">1850-</subfield></datafield><datafield ind1=" " ind2=" " tag="300"><subfield code="a">v.</subfield></datafield><datafield ind1=" " ind2=" " tag="310"><subfield code="a">Semimonthly,</subfield><subfield code="b">Oct. 14, 1850-&lt;June 15, 1851&gt;</subfield></datafield><datafield ind1=" " ind2=" " tag="321"><subfield code="a">Monthly,</subfield><subfield code="b">Apr.-Sept. 1850</subfield></datafield><datafield ind1="0" ind2=" " tag="362"><subfield code="a">Vol. 1, no. 1 (Apr. 26, 1850)-</subfield></datafield><datafield ind1=" " ind2=" " tag="500"><subfield code="a">"Published for Atlantic States and Oceanica."</subfield></datafield><datafield ind1=" " ind2=" " tag="500"><subfield code="a">Publishers: Fitch, Weld &amp; Co., 1850-1851; G.K. Fitch &amp; Co., &lt;1851&gt;.</subfield></datafield><datafield ind1=" " ind2=" " tag="530"><subfield code="a">Available on microfilm from the Library of Congress, Photoduplication Service.</subfield></datafield><datafield ind1=" " ind2=" " tag="580"><subfield code="a">Daily ed.: Sacramento transcript.</subfield></datafield><datafield ind1=" " ind2=" " tag="580"><subfield code="a">Merged with: Sacramento placer times, to become: Placer times and transcript.</subfield></datafield><datafield ind1=" " ind2="0" tag="651"><subfield code="a">Sacramento (Calif.)</subfield><subfield code="v">Newspapers.</subfield></datafield><datafield ind1=" " ind2="0" tag="651"><subfield code="a">Sacramento County (Calif.)</subfield><subfield code="v">Newspapers.</subfield></datafield><datafield ind1=" " ind2="7" tag="651"><subfield code="a">California</subfield><subfield code="z">Sacramento.</subfield><subfield code="2">fast</subfield><subfield code="0">(OCoLC)fst01205542</subfield></datafield><datafield ind1=" " ind2="7" tag="651"><subfield code="a">California</subfield><subfield code="z">Sacramento County.</subfield><subfield code="2">fast</subfield><subfield code="0">(OCoLC)fst01214200</subfield></datafield><datafield ind1=" " ind2="7" tag="655"><subfield code="a">Newspapers.</subfield><subfield code="2">fast</subfield><subfield code="0">(OCoLC)fst01423814</subfield></datafield><datafield ind1=" " ind2="7" tag="655"><subfield code="a">Newspapers.</subfield><subfield code="2">rbgenr</subfield></datafield><datafield ind1=" " ind2=" " tag="752"><subfield code="a">United States</subfield><subfield code="b">California</subfield><subfield code="c">Sacramento</subfield><subfield code="d">Sacramento.</subfield></datafield><datafield ind1="1" ind2=" " tag="775"><subfield code="t">Sacramento transcript</subfield><subfield code="w">(DLC)sn 82014774</subfield><subfield code="w">(OCoLC)8793034</subfield></datafield><datafield ind1="1" ind2="7" tag="785"><subfield code="t">Sacramento placer times</subfield><subfield code="w">(DLC)sn 84027031</subfield><subfield code="w">(OCoLC)10842535</subfield></datafield><datafield ind1="1" ind2="7" tag="785"><subfield code="t">Placer times and transcript (San Francisco, Calif. : Steamer)</subfield><subfield code="w">(DLC)sn 84027315</subfield><subfield code="w">(OCoLC)11032547</subfield></datafield></record>